<record><leader>00000cas a2200000 a 4500</leader><controlfield tag="001">36206243</controlfield><controlfield tag="008">970114d19271951oruwr ne      0    0eng c</controlfield><datafield ind1=" " ind2=" " tag="010"><subfield code="a">sn 96088480 </subfield></datafield><datafield ind1=" " ind2=" " tag="040"><subfield code="a">OCN</subfield><subfield code="b">eng</subfield><subfield code="c">OCN</subfield><subfield code="d">OCLCQ</subfield><subfield code="d">ORU</subfield><subfield code="d">OCLCQ</subfield><subfield code="d">OCLCF</subfield><subfield code="d">OCLCO</subfield></datafield><datafield ind1=" " ind2=" " tag="042"><subfield code="a">pcc</subfield></datafield><datafield ind1=" " ind2=" " tag="043"><subfield code="a">n-us-or</subfield></datafield><datafield ind1="0" ind2="4" tag="245"><subfield code="a">The Beaverton enterprise.</subfield></datafield><datafield ind1=" " ind2=" " tag="260"><subfield code="a">Beaverton, Or. :</subfield><subfield code="b">S.M. Brown,</subfield><subfield code="c">1927-1951.</subfield></datafield><datafield ind1=" " ind2=" " tag="300"><subfield code="a">24 v.</subfield></datafield><datafield ind1=" " ind2=" " tag="310"><subfield code="a">Weekly</subfield></datafield><datafield ind1="0" ind2=" " tag="362"><subfield code="a">Vol. 1, no. 1 (Mar. 17, 1927)-v. 24, no. 1 (Jan. 26, 1951).</subfield></datafield><datafield ind1=" " ind2=" " tag="500"><subfield code="a">Shares some advertising and feature articles with Tigard sentinel, Aloha news (Aloha, Or.)--and Multnomah press.</subfield></datafield><datafield ind1=" " ind2=" " tag="530"><subfield code="a">Also issued on microfilm from University of Oregon.</subfield></datafield><datafield ind1=" " ind2=" " tag="580"><subfield code="a">Merged with Aloha news (Aloha, Or.), and: Tigard sentinel, and: Multnomah press, to form: Valley news (Beaverton, Or.).</subfield></datafield><datafield ind1=" " ind2="0" tag="651"><subfield code="a">Beaverton (Or.)</subfield><subfield code="v">Newspapers.</subfield></datafield><datafield ind1=" " ind2="0" tag="651"><subfield code="a">Washington County (Or.)</subfield><subfield code="v">Newspapers.</subfield></datafield><datafield ind1=" " ind2="0" tag="651"><subfield code="a">Multnomah County (Or.)</subfield><subfield code="v">Newspapers.</subfield></datafield><datafield ind1=" " ind2="7" tag="655"><subfield code="a">Newspapers.</subfield><subfield code="2">fast</subfield><subfield code="0">(OCoLC)fst01423814</subfield></datafield><datafield ind1=" " ind2="7" tag="651"><subfield code="a">Oregon</subfield><subfield code="z">Beaverton.</subfield><subfield code="2">fast</subfield><subfield code="0">(OCoLC)fst01221355</subfield></datafield><datafield ind1=" " ind2="7" tag="651"><subfield code="a">Oregon</subfield><subfield code="z">Multnomah County.</subfield><subfield code="2">fast</subfield><subfield code="0">(OCoLC)fst01216118</subfield></datafield><datafield ind1=" " ind2="7" tag="651"><subfield code="a">Oregon</subfield><subfield code="z">Washington County.</subfield><subfield code="2">fast</subfield><subfield code="0">(OCoLC)fst01217169</subfield></datafield><datafield ind1=" " ind2=" " tag="752"><subfield code="a">United States</subfield><subfield code="b">Oregon</subfield><subfield code="c">Washington</subfield><subfield code="d">Beaverton.</subfield></datafield><datafield ind1="1" ind2="7" tag="785"><subfield code="t">Aloha news (Aloha, Or.)</subfield><subfield code="w">(DLC)sn 96088459</subfield><subfield code="w">(OCoLC)36206250</subfield></datafield><datafield ind1="1" ind2="7" tag="785"><subfield code="t">Multnomah press</subfield><subfield code="w">(DLC)sn 85042473</subfield><subfield code="w">(OCoLC)12527092</subfield></datafield><datafield ind1="1" ind2="7" tag="785"><subfield code="t">Tigard sentinel</subfield><subfield code="w">(DLC)sn 96088475</subfield><subfield code="w">(OCoLC)36206239</subfield></datafield><datafield ind1="1" ind2="7" tag="785"><subfield code="t">Valley news (Beaverton, Or.)</subfield><subfield code="w">(DLC)sn 96088458</subfield><subfield code="w">(OCoLC)36206188</subfield></datafield></record>